<?xml version="1.0" encoding="UTF-8"?>
<collection xmlns:xsi="http://www.w3.org/2001/XMLSchema-instance" xsi:schemaLocation="http://www.loc.gov/MARC21/slim http://www.loc.gov/standards/marcxml/schema/MARC21slim.xsd" xmlns="http://www.loc.gov/MARC21/slim">
<record>
  <leader>00864nam a2200265   4500</leader>
  <controlfield tag="001">2960863</controlfield>
  <controlfield tag="003">NNC</controlfield>
  <controlfield tag="005">20030429141026.0</controlfield>
  <controlfield tag="008">821203s1967    iq ch    b    000 0 arar </controlfield>
  <datafield tag="010" ind1=" " ind2=" ">
    <subfield code="a">ne 68000846 </subfield>
  </datafield>
  <datafield tag="035" ind1=" " ind2=" ">
    <subfield code="a">(OCoLC)ocm09014095</subfield>
  </datafield>
  <datafield tag="035" ind1=" " ind2=" ">
    <subfield code="9">ASK6069CU</subfield>
  </datafield>
  <datafield tag="040" ind1=" " ind2=" ">
    <subfield code="a">DLC</subfield>
    <subfield code="c">WAU</subfield>
    <subfield code="d">WAU</subfield>
    <subfield code="d">ZCU</subfield>
  </datafield>
  <datafield tag="043" ind1=" " ind2=" ">
    <subfield code="a">a------</subfield>
    <subfield code="a">f------</subfield>
  </datafield>
  <datafield tag="050" ind1="0" ind2=" ">
    <subfield code="a">LB2391.A7</subfield>
    <subfield code="b">F3</subfield>
  </datafield>
  <datafield tag="090" ind1=" " ind2=" ">
    <subfield code="a">BP135</subfield>
    <subfield code="b">.F3</subfield>
  </datafield>
  <datafield tag="100" ind1="1" ind2=" ">
    <subfield code="a">Fayyāḍ, ʻAbd Allāh.</subfield>
  </datafield>
  <datafield tag="245" ind1="1" ind2="3">
    <subfield code="a">al-Ijāzāt al-ʻilmīyah ʻinda al-Muslimīn</subfield>
    <subfield code="c">[taʾlīf] ʻAbd Allāh Fayyāḍ.</subfield>
  </datafield>
  <datafield tag="250" ind1=" " ind2=" ">
    <subfield code="a">1l-Ṭabʻah 1.</subfield>
  </datafield>
  <datafield tag="260" ind1=" " ind2=" ">
    <subfield code="a">Baghdād,</subfield>
    <subfield code="b">Maṭbaʻat al-Irshād,</subfield>
    <subfield code="c">1967.</subfield>
  </datafield>
  <datafield tag="300" ind1=" " ind2=" ">
    <subfield code="a">134 p.</subfield>
    <subfield code="b">facsims., port.</subfield>
    <subfield code="c">24 cm.</subfield>
  </datafield>
  <datafield tag="500" ind1=" " ind2=" ">
    <subfield code="a">Added t. p.: al-Ijazat al-ʻilmiyyah ʻind al-Moslimeen, by Abdullah Fayyad.</subfield>
  </datafield>
  <datafield tag="504" ind1=" " ind2=" ">
    <subfield code="a">Includes bibliographies.</subfield>
  </datafield>
  <datafield tag="650" ind1=" " ind2="0">
    <subfield code="a">Degrees, Academic</subfield>
    <subfield code="z">Islamic countries.</subfield>
  </datafield>
  <datafield tag="955" ind1=" " ind2=" ">
    <subfield code="b">CU55337090</subfield>
    <subfield code="d">off,glx</subfield>
    <subfield code="e">BP135 .F3</subfield>
  </datafield>
</record>
</collection>